<?xml version="1.0" encoding="UTF-8"?><record xmlns="http://www.loc.gov/MARC21/slim" xmlns:cinclude="http://apache.org/cocoon/include/1.0" xmlns:zs="http://www.loc.gov/zing/srw/">
  <leader>00457nz  a2200121n  4500</leader>
  <controlfield tag="001">n  91068538 </controlfield>
  <controlfield tag="003">DLC</controlfield>
  <controlfield tag="005">19910719092001.1</controlfield>
  <controlfield tag="008">910712n| acannaab|          |n aaa |||  </controlfield>
  <datafield tag="010" ind1=" " ind2=" ">
    <subfield code="a">n  91068538 </subfield>
  </datafield>
  <datafield tag="040" ind1=" " ind2=" ">
    <subfield code="a">DLC</subfield>
    <subfield code="c">DLC</subfield>
  </datafield>
  <datafield tag="100" ind1="1" ind2="0">
    <subfield code="a">Aymard, David</subfield>
  </datafield>
  <datafield tag="670" ind1=" " ind2=" ">
    <subfield code="a">His Souvenirs de vivre, de Paris aĚ JeĚrusalem, c1991:</subfield>
    <subfield code="b">t.p. (David Aymard) cover p. 4 (b. in Casablanca; grew up in Paris and studied at the Sorbonne; presently studies and teaches at New York University)</subfield>
  </datafield>
</record>